@article{sentiance2018loc2vec,
    title={Loc2Vec: Learning location embeddings with triplet-loss networks},
    author={Sentiance Research Team},
    journal={Sentiance Blog},
    year={2018},
    url={https://sentiance.com/loc2vec-learning-location-embeddings-w-triplet-loss-networks}
}

@article{mikolov2013word2vec,
    title={Efficient estimation of word representations in vector space},
    author={Mikolov, Tomas and Chen, Kai and Corrado, Greg and Dean, Jeffrey},
    journal={arXiv preprint arXiv:1301.3781},
    year={2013}
}

@inproceedings{schroff2015facenet,
    title={FaceNet: A unified embedding for face recognition and clustering},
    author={Schroff, Florian and Kalenichenko, Dmitry and Philbin, James},
    booktitle={Proceedings of the IEEE Conference on Computer Vision and Pattern Recognition},
    pages={815--823},
    year={2015}
}

@inproceedings{he2016resnet,
    title={Deep residual learning for image recognition},
    author={He, Kaiming and Zhang, Xiangyu and Ren, Shaoqing and Sun, Jian},
    booktitle={Proceedings of the IEEE Conference on Computer Vision and Pattern Recognition},
    pages={770--778},
    year={2016}
}

@inproceedings{tan2019efficientnet,
    title={EfficientNet: Rethinking model scaling for convolutional neural networks},
    author={Tan, Mingxing and Le, Quoc V},
    booktitle={International Conference on Machine Learning},
    pages={6105--6114},
    year={2019},
    organization={PMLR}
}

@inproceedings{howard2017mobilenets,
    title={MobileNets: Efficient convolutional neural networks for mobile vision applications},
    author={Howard, Andrew G and Zhu, Menglong and Chen, Bo and Kalenichenko, Dmitry and Wang, Weijun and Weyand, Tobias and Andreetto, Marco and Adam, Hartwig},
    journal={arXiv preprint arXiv:1704.04861},
    year={2017}
}

@article{imagenet,
    title={ImageNet: A large-scale hierarchical image database},
    author={Deng, Jia and Dong, Wei and Socher, Richard and Li, Li-Jia and Li, Kai and Fei-Fei, Li},
    booktitle={2009 IEEE Conference on Computer Vision and Pattern Recognition},
    pages={248--255},
    year={2009},
    organization={IEEE}
}

@article{place2vec,
    title={Place2Vec: Reasoning about place type similarity on map data},
    author={Yan, Bo and Janowicz, Krzysztof and Mai, Gengchen and Gao, Song},
    journal={arXiv preprint arXiv:1606.03153},
    year={2016}
}

@article{geo2vec,
    title={Geo-Embeddings for spatial data mining},
    author={Grover, Aditya and Leskovec, Jure},
    journal={arXiv preprint arXiv:1602.03426},
    year={2016}
}

@article{spatial2vec,
    title={Learning representations for spatial analysis},
    author={Liu, Yu and Liu, Cong and Yuan, Nicholas Jing and Duan, Liang and Fu, Yanjie and Xiong, Hui and Xu, Shuo and Wu, Jie},
    journal={ACM Transactions on Intelligent Systems and Technology},
    volume={9},
    number={1},
    pages={1--25},
    year={2017},
    publisher={ACM}
}

@article{jean2016combining,
    title={Combining satellite imagery and machine learning to predict poverty},
    author={Jean, Neal and Burke, Marshall and Xie, Michael and Davis, W Matthew and Lobell, David B and Ermon, Stefano},
    journal={Science},
    volume={353},
    number={6301},
    pages={790--794},
    year={2016},
    publisher={American Association for the Advancement of Science}
}

@article{zhou2018deeplearning,
    title={Deep learning for understanding urban forms and functions},
    author={Zhou, Bolei and Liu, Liu and Oliva, Aude and Torralba, Antonio},
    journal={ACM Transactions on Intelligent Systems and Technology},
    volume={8},
    number={6},
    pages={1--27},
    year={2018},
    publisher={ACM}
}

@article{multimodal2020,
    title={Multi-modal deep learning for urban region representation},
    author={Zhang, Chao and Sargent, I and Pan, X and Li, Huapeng and Gardiner, A and Hare, J and Atkinson, Peter M},
    journal={ISPRS Journal of Photogrammetry and Remote Sensing},
    volume={162},
    pages={194--205},
    year={2020},
    publisher={Elsevier}
}

@misc{openstreetmap,
    title={OpenStreetMap},
    author={OpenStreetMap contributors},
    year={2021},
    url={https://www.openstreetmap.org}
}

@misc{postgis,
    title={PostGIS: Spatial and Geographic Objects for PostgreSQL},
    author={PostGIS Development Team},
    year={2021},
    url={https://postgis.net}
}

@misc{mapnik,
    title={Mapnik: An open source toolkit for developing mapping applications},
    author={Mapnik Development Team},
    year={2021},
    url={https://mapnik.org}
}

@misc{pytorch,
    title={PyTorch: An imperative style, high-performance deep learning library},
    author={Paszke, Adam and Gross, Sam and Massa, Francisco and Lerer, Adam and Bradbury, James and Chanan, Gregory and Killeen, Trevor and Lin, Zeming and Gimelshein, Natalia and Antiga, Luca and others},
    journal={Advances in Neural Information Processing Systems},
    volume={32},
    pages={8024--8035},
    year={2019}
}

@inproceedings{ailon2007triplet,
    title={An efficient reduction of ranking to classification},
    author={Ailon, Nir and Mohri, Mehryar},
    booktitle={Proceedings of the 20th Annual Conference on Learning Theory},
    pages={87--98},
    year={2007}
}

@article{tsne,
    title={Visualizing data using t-SNE},
    author={Van der Maaten, Laurens and Hinton, Geoffrey},
    journal={Journal of Machine Learning Research},
    volume={9},
    number={Nov},
    pages={2579--2605},
    year={2008}
}

@article{umap,
    title={UMAP: Uniform manifold approximation and projection for dimension reduction},
    author={McInnes, Leland and Healy, John and Melville, James},
    journal={arXiv preprint arXiv:1802.03426},
    year={2018}
}

@mastersthesis{hal2019locvec,
    title={LocVec: A New Approach for Similar Location Recommendation based on Geotagged Social Media Posts},
    author={Hal, Royvan},
    school={Leiden Institute of Advanced Computer Science (LIACS), Leiden University},
    year={2019},
    url={https://theses.liacs.nl/pdf/2018-2019-HalRoyvan.pdf}
}
